@misc{Sym,
author = "",
year = "",
title = "Encryption, Powered by PGP",
url = "https://www.symantec.com/products/encryption",
}

@misc{Ivanov,
author = "Tihomir Ivanov",
year = "2016",
title = "OTR Encryption for Chat Explained",
url = "https://blog.securegroup.com/otr-encryption-for-chat-explained",
}

@misc{OTR,
author = "Ian Goldberg",
year = "",
title = "Off-the-Record Messaging Protocol version 3",
url = "https://otr.cypherpunks.ca/Protocol-v3-4.1.1.html",
}

@misc{DRA,
author = "Trevor Perrin, Moxie Marlinspike",
year = "2016",
title = "The Double Ratchet Algorithm",
url = "https://signal.org/docs/specifications/doubleratchet/",
}

@misc{DGaurd,
author = "Chris Brook",
year = "2018",
title = "What Is PGP Encryption? Defining and Outlining the Uses of PGP Encryption",
url = "https://digitalguardian.com/blog/what-pgp-encryption-defining-and-outlining-uses-pgp-encryption",
}